<collection xmlns="http://www.loc.gov/MARC21/slim">
<record>
  <leader>03798nam0a2200577 i 450 </leader>
  <controlfield tag="001">IT\ICCU\CNCE\032950</controlfield>
  <controlfield tag="005">20130320000000.0</controlfield>
  <datafield tag="012" ind1=" " ind2=" ">
    <subfield code="a">ucbi vteq ipso aict (C) 1516 (A)</subfield>
    <subfield code="2">fei</subfield>
    <subfield code="9">1</subfield>
  </datafield>
  <datafield tag="012" ind1=" " ind2=" ">
    <subfield code="a">tita ate- isse seca (3) 1516 (Q)</subfield>
    <subfield code="2">fei</subfield>
    <subfield code="9">2</subfield>
  </datafield>
  <datafield tag="100" ind1=" " ind2=" ">
    <subfield code="a">19971216d1516        0itac0103    ba</subfield>
  </datafield>
  <datafield tag="101" ind1=" " ind2=" ">
    <subfield code="a">LAT</subfield>
  </datafield>
  <datafield tag="102" ind1=" " ind2=" ">
    <subfield code="a">IT</subfield>
  </datafield>
  <datafield tag="200" ind1="1" ind2=" ">
    <subfield code="a">Insigne formalitatum opus de mente doctoris subtilis vna cum editione subtilissima reuerendi Urbinatis episcopi Antonij Trombete: adiunctisque resolutissimis celeberrimi Taunensis archiepiscopi Mauritij: necnon excellentissimi doctoris Antonij de Fantis Tarusini annotationibus nuperrime summa cum ipsius diligentia ab innumeris erroribus absolutum</subfield>
  </datafield>
  <datafield tag="210" ind1=" " ind2=" ">
    <subfield code="e">Venetijs</subfield>
    <subfield code="g">mandato et expensis heredum q. nobilis viri Octauiani Scoti Modoetiensis</subfield>
    <subfield code="h">&amp; sociorum</subfield>
    <subfield code="h">1516 die 20 mensis Ianuarij</subfield>
  </datafield>
  <datafield tag="215" ind1=" " ind2=" ">
    <subfield code="a">2 pt.</subfield>
    <subfield code="d">fol</subfield>
  </datafield>
  <datafield tag="300" ind1=" " ind2=" ">
    <subfield code="a">Il nome dell&apos;autore si ricava dai versi di Maffeo de Maffeis che seguono il titolo sul front. - Pt. 2: Auree Scoticarum formalitatum lucubrationes in florentissima iam Patauina achademia edite ab excellentissimo sacre theologie docto magistro Antonio Trombeta proui. S.A. tunc Mi. integerrimoque nunc Dei gratia Vrbinati episcopo</subfield>
  </datafield>
  <datafield tag="423" ind1=" " ind2="0">
    <subfield code="1">001IT\ICCU\CNCE\078030</subfield>
    <subfield code="1">2001 </subfield>
    <subfield code="a">Auree Scoticarum formalitatum lucubrationes in florentissima iam Patauina achademia edite ab excellentissimo sacre theologie docto magistro Antonio Trombeta</subfield>
  </datafield>
  <datafield tag="620" ind1=" " ind2=" ">
    <subfield code="a">IT</subfield>
    <subfield code="d">Venezia</subfield>
  </datafield>
  <datafield tag="700" ind1=" " ind2="1">
    <subfield code="a">Sirect,</subfield>
    <subfield code="b">Antoine</subfield>
    <subfield code="3">IT\ICCU\CNCA\008737</subfield>
  </datafield>
  <datafield tag="702" ind1=" " ind2="1">
    <subfield code="a">Duns Scotus,</subfield>
    <subfield code="b">Ioannes</subfield>
    <subfield code="3">IT\ICCU\CNCA\000005</subfield>
  </datafield>
  <datafield tag="702" ind1=" " ind2="1">
    <subfield code="a">De_Fantis,</subfield>
    <subfield code="b">Antonio</subfield>
    <subfield code="3">IT\ICCU\CNCA\004526</subfield>
  </datafield>
  <datafield tag="702" ind1=" " ind2="1">
    <subfield code="a">O&apos;Fihely,</subfield>
    <subfield code="b">Maurice</subfield>
    <subfield code="3">IT\ICCU\CNCA\004527</subfield>
  </datafield>
  <datafield tag="702" ind1=" " ind2="1">
    <subfield code="a">Trombetta,</subfield>
    <subfield code="b">Antonio</subfield>
    <subfield code="3">IT\ICCU\CNCA\008736</subfield>
  </datafield>
  <datafield tag="712" ind1="0" ind2="0">
    <subfield code="a">Scoto, Ottaviano &lt;1.&gt; - eredi &amp; C.</subfield>
    <subfield code="3">IT\ICCU\CNCT\002931</subfield>
    <subfield code="4">650</subfield>
  </datafield>
  <datafield tag="790" ind1=" " ind2="1">
    <subfield code="a">Sirectus,</subfield>
    <subfield code="b">Antonius</subfield>
    <subfield code="3">IT\ICCU\CNCA\009552</subfield>
    <subfield code="z">Sirect, Antoine</subfield>
  </datafield>
  <datafield tag="790" ind1=" " ind2="1">
    <subfield code="a">Syrectus,</subfield>
    <subfield code="b">Antonius</subfield>
    <subfield code="3">IT\ICCU\CNCA\018604</subfield>
    <subfield code="z">Sirect, Antoine</subfield>
  </datafield>
  <datafield tag="790" ind1=" " ind2="1">
    <subfield code="a">Scotus,</subfield>
    <subfield code="b">Joannes</subfield>
    <subfield code="3">IT\ICCU\CNCA\012390</subfield>
    <subfield code="z">Duns Scotus, Ioannes</subfield>
  </datafield>
  <datafield tag="790" ind1=" " ind2="1">
    <subfield code="a">Scotus,</subfield>
    <subfield code="b">Duns</subfield>
    <subfield code="3">IT\ICCU\CNCA\015217</subfield>
    <subfield code="z">Duns Scotus, Ioannes</subfield>
  </datafield>
  <datafield tag="790" ind1=" " ind2="0">
    <subfield code="a">Doctor Subtilis</subfield>
    <subfield code="3">IT\ICCU\CNCA\021575</subfield>
    <subfield code="z">Duns Scotus, Ioannes</subfield>
  </datafield>
  <datafield tag="790" ind1=" " ind2="1">
    <subfield code="a">Fantis,</subfield>
    <subfield code="b">Antonius : de</subfield>
    <subfield code="3">IT\ICCU\CNCA\008738</subfield>
    <subfield code="z">De_Fantis, Antonio</subfield>
  </datafield>
  <datafield tag="790" ind1=" " ind2="1">
    <subfield code="a">Fantis,</subfield>
    <subfield code="b">Antonio</subfield>
    <subfield code="3">IT\ICCU\CNCA\015145</subfield>
    <subfield code="z">De_Fantis, Antonio</subfield>
  </datafield>
  <datafield tag="790" ind1=" " ind2="1">
    <subfield code="a">De_Fantis,</subfield>
    <subfield code="b">Antonius</subfield>
    <subfield code="3">IT\ICCU\CNCA\023197</subfield>
    <subfield code="z">De_Fantis, Antonio</subfield>
  </datafield>
  <datafield tag="790" ind1=" " ind2="0">
    <subfield code="a">Mauritius</subfield>
    <subfield code="c"> : Hibernicus</subfield>
    <subfield code="3">IT\ICCU\CNCA\004522</subfield>
    <subfield code="z">O&apos;Fihely, Maurice</subfield>
  </datafield>
  <datafield tag="790" ind1=" " ind2="0">
    <subfield code="a">Mauritius</subfield>
    <subfield code="c"> : de#Portu</subfield>
    <subfield code="3">IT\ICCU\CNCA\007860</subfield>
    <subfield code="z">O&apos;Fihely, Maurice</subfield>
  </datafield>
  <datafield tag="790" ind1=" " ind2="1">
    <subfield code="a">Portu,</subfield>
    <subfield code="b">Mauritius : de</subfield>
    <subfield code="3">IT\ICCU\CNCA\022332</subfield>
    <subfield code="z">O&apos;Fihely, Maurice</subfield>
  </datafield>
  <datafield tag="790" ind1=" " ind2="1">
    <subfield code="a">Trombeta,</subfield>
    <subfield code="b">Antonius</subfield>
    <subfield code="3">IT\ICCU\CNCA\018632</subfield>
    <subfield code="z">Trombetta, Antonio</subfield>
  </datafield>
  <datafield tag="801" ind1=" " ind2="3">
    <subfield code="a">IT</subfield>
    <subfield code="b">ICCU</subfield>
    <subfield code="c">20201114</subfield>
  </datafield>
  <datafield tag="899" ind1=" " ind2=" ">
    <subfield code="a">Biblioteca comunale Feliciana. Naro</subfield>
    <subfield code="1">AG0031</subfield>
    <subfield code="2">AGR 12</subfield>
  </datafield>
  <datafield tag="899" ind1=" " ind2=" ">
    <subfield code="a">Biblioteca nazionale Sagarriga Visconti-Volpi. Bari</subfield>
    <subfield code="1">BA0018</subfield>
    <subfield code="2">BA1 BA</subfield>
  </datafield>
  <datafield tag="899" ind1=" " ind2=" ">
    <subfield code="a">Biblioteca universitaria. Genova</subfield>
    <subfield code="1">GE0038</subfield>
    <subfield code="2">LIG 01</subfield>
  </datafield>
  <datafield tag="899" ind1=" " ind2=" ">
    <subfield code="a">Biblioteca regionale universitaria. Messina</subfield>
    <subfield code="1">ME0050</subfield>
    <subfield code="2">PAL BM</subfield>
  </datafield>
  <datafield tag="899" ind1=" " ind2=" ">
    <subfield code="a">Biblioteca nazionale Vittorio Emanuele III. Napoli</subfield>
    <subfield code="1">NA0079</subfield>
    <subfield code="2">NAP BN</subfield>
  </datafield>
  <datafield tag="899" ind1=" " ind2=" ">
    <subfield code="a">Biblioteca del Seminario Vescovile della Facolt ̉Teologica del Triveneto dell&apos;Istituto Filosofico Aloisianum. Padova</subfield>
    <subfield code="1">PD0073</subfield>
    <subfield code="2">PUV 01</subfield>
  </datafield>
  <datafield tag="899" ind1=" " ind2=" ">
    <subfield code="a">Biblioteca comunale. Assisi</subfield>
    <subfield code="z">MUTILO</subfield>
    <subfield code="1">PG0001</subfield>
    <subfield code="2">UM1 10</subfield>
  </datafield>
  <datafield tag="899" ind1=" " ind2=" ">
    <subfield code="a">Biblioteca  Panizzi. Reggio Emilia</subfield>
    <subfield code="1">RE0052</subfield>
    <subfield code="2">RE2 PA</subfield>
  </datafield>
  <datafield tag="899" ind1=" " ind2=" ">
    <subfield code="a">Biblioteca universitaria Alessandrina. Roma</subfield>
    <subfield code="1">RM0280</subfield>
    <subfield code="2">RML 01</subfield>
  </datafield>
  <datafield tag="899" ind1=" " ind2=" ">
    <subfield code="a">Biblioteca Vallicelliana. Roma</subfield>
    <subfield code="1">RM0281</subfield>
    <subfield code="2">RML 08</subfield>
  </datafield>
  <datafield tag="899" ind1=" " ind2=" ">
    <subfield code="a">Biblioteca Casanatense. Roma</subfield>
    <subfield code="1">RM0313</subfield>
    <subfield code="2">RML 07</subfield>
  </datafield>
  <datafield tag="899" ind1=" " ind2=" ">
    <subfield code="a">Biblioteca del Pontificio Ateneo Antonianum. Roma</subfield>
    <subfield code="z">MUTILO</subfield>
    <subfield code="1">RM0692</subfield>
    <subfield code="2">ZRM 44</subfield>
  </datafield>
  <datafield tag="899" ind1=" " ind2=" ">
    <subfield code="a">Biblioteca provinciale. Salerno</subfield>
    <subfield code="1">SA0063</subfield>
    <subfield code="2">CAM PS</subfield>
  </datafield>
  <datafield tag="899" ind1=" " ind2=" ">
    <subfield code="a">Biblioteca universitaria. Sassari</subfield>
    <subfield code="1">SS0073</subfield>
    <subfield code="2">CAG US</subfield>
  </datafield>
</record>
</collection>
